<record><leader>00000cas a2200000 a 4500</leader><controlfield tag="001">13802178</controlfield><controlfield tag="008">860630d19441949nyuwr ne      0    0eng c</controlfield><datafield ind1=" " ind2=" " tag="010"><subfield code="a">sn 86032481 </subfield></datafield><datafield ind1=" " ind2=" " tag="040"><subfield code="a">NYG</subfield><subfield code="b">eng</subfield><subfield code="c">NYG</subfield><subfield code="d">NYS</subfield><subfield code="d">OCLCQ</subfield><subfield code="d">NYS</subfield><subfield code="d">OCLCQ</subfield><subfield code="d">OCLCF</subfield><subfield code="d">OCLCO</subfield></datafield><datafield ind1="1" ind2=" " tag="029"><subfield code="a">AU@</subfield><subfield code="b">000025455175</subfield></datafield><datafield ind1=" " ind2=" " tag="042"><subfield code="a">pcc</subfield></datafield><datafield ind1=" " ind2=" " tag="043"><subfield code="a">n-us-ny</subfield></datafield><datafield ind1="0" ind2="4" tag="245"><subfield code="a">The Post of Forest Hills and Kew Gardens.</subfield></datafield><datafield ind1="1" ind2="3" tag="246"><subfield code="a">Post of Forest Hills, Kew Gardens and Rego Park</subfield></datafield><datafield ind1=" " ind2=" " tag="260"><subfield code="a">Forest Hills, N.Y. :</subfield><subfield code="b">Forest Hills-Kew Gardens Pub. Co.,</subfield><subfield code="c">1944-</subfield></datafield><datafield ind1=" " ind2=" " tag="300"><subfield code="a">v. :</subfield><subfield code="b">ill.</subfield></datafield><datafield ind1=" " ind2=" " tag="310"><subfield code="a">Weekly</subfield></datafield><datafield ind1="0" ind2=" " tag="362"><subfield code="a">Vol. 22, no. 45 (Sept. 14, 1944)-v. 28, no. 4 (Nov. 24, 1949).</subfield></datafield><datafield ind1=" " ind2=" " tag="500"><subfield code="a">Published every Thursday.</subfield></datafield><datafield ind1=" " ind2=" " tag="500"><subfield code="a">"More than a newspaper: a community service."</subfield></datafield><datafield ind1=" " ind2=" " tag="500"><subfield code="a">"Combining the Post of Forest Hills and Kew Gardens with the Rego Park-Elmhurst Post."</subfield></datafield><datafield ind1=" " ind2=" " tag="580"><subfield code="a">Continues: Forest Hills-Kew Gardens post.</subfield></datafield><datafield ind1=" " ind2=" " tag="580"><subfield code="a">Continued by: Queens post.</subfield></datafield><datafield ind1=" " ind2="0" tag="651"><subfield code="a">Elmhurst (New York, N.Y.)</subfield><subfield code="v">Newspapers.</subfield></datafield><datafield ind1=" " ind2="0" tag="651"><subfield code="a">Forest Hills (New York, N.Y.)</subfield><subfield code="v">Newspapers.</subfield></datafield><datafield ind1=" " ind2="0" tag="651"><subfield code="a">Kew Gardens (New York, N.Y.)</subfield><subfield code="v">Newspapers.</subfield></datafield><datafield ind1=" " ind2="0" tag="651"><subfield code="a">Rego Park (New York, N.Y.)</subfield><subfield code="v">Newspapers.</subfield></datafield><datafield ind1=" " ind2="0" tag="651"><subfield code="a">Queens (New York, N.Y.)</subfield><subfield code="v">Newspapers.</subfield></datafield><datafield ind1=" " ind2="0" tag="651"><subfield code="a">Queens County (N.Y.)</subfield><subfield code="v">Newspapers.</subfield></datafield><datafield ind1=" " ind2="0" tag="651"><subfield code="a">New York (N.Y.)</subfield><subfield code="v">Newspapers.</subfield></datafield><datafield ind1=" " ind2="7" tag="655"><subfield code="a">Newspapers.</subfield><subfield code="2">fast</subfield><subfield code="0">(OCoLC)fst01423814</subfield></datafield><datafield ind1=" " ind2="7" tag="651"><subfield code="a">New York (State)</subfield><subfield code="z">New York.</subfield><subfield code="2">fast</subfield><subfield code="0">(OCoLC)fst01204333</subfield></datafield><datafield ind1=" " ind2="7" tag="651"><subfield code="a">New York (State)</subfield><subfield code="z">New York</subfield><subfield code="z">Elmhurst.</subfield><subfield code="2">fast</subfield><subfield code="0">(OCoLC)fst01323270</subfield></datafield><datafield ind1=" " ind2="7" tag="651"><subfield code="a">New York (State)</subfield><subfield code="z">New York</subfield><subfield code="z">Forest Hills.</subfield><subfield code="2">fast</subfield><subfield code="0">(OCoLC)fst01321700</subfield></datafield><datafield ind1=" " ind2="7" tag="651"><subfield code="a">New York (State)</subfield><subfield code="z">New York</subfield><subfield code="z">Kew Gardens.</subfield><subfield code="2">fast</subfield><subfield code="0">(OCoLC)fst01314049</subfield></datafield><datafield ind1=" " ind2="7" tag="651"><subfield code="a">New York (State)</subfield><subfield code="z">New York</subfield><subfield code="z">Queens.</subfield><subfield code="2">fast</subfield><subfield code="0">(OCoLC)fst01313007</subfield></datafield><datafield ind1=" " ind2="7" tag="651"><subfield code="a">New York (State)</subfield><subfield code="z">New York</subfield><subfield code="z">Rego Park.</subfield><subfield code="2">fast</subfield><subfield code="0">(OCoLC)fst01323451</subfield></datafield><datafield ind1=" " ind2="7" tag="651"><subfield code="a">New York (State)</subfield><subfield code="z">Queens County.</subfield><subfield code="2">fast</subfield><subfield code="0">(OCoLC)fst01246810</subfield></datafield><datafield ind1=" " ind2=" " tag="752"><subfield code="a">United States</subfield><subfield code="b">New York</subfield><subfield code="c">Queens</subfield><subfield code="d">Forest Hills (New York, N.Y.)</subfield></datafield><datafield ind1=" " ind2=" " tag="752"><subfield code="a">United States</subfield><subfield code="b">New York</subfield><subfield code="d">New York.</subfield></datafield><datafield ind1="1" ind2="0" tag="780"><subfield code="t">Forest Hills-Kew Gardens post</subfield><subfield code="w">(DLC)sn 84031785</subfield><subfield code="w">(OCoLC)11414226</subfield></datafield><datafield ind1="1" ind2="0" tag="785"><subfield code="t">Queens post</subfield><subfield code="w">(DLC)sn 84035840</subfield><subfield code="w">(OCoLC)11436127</subfield></datafield></record>